@misc{parks,
  title={Temperature Dependent Lifetime Measurements of Fluorescence from a Phosphor},
  author={James E. Parks},
  year={2012},
  institution={The University of Tennessee, Knoxville},
  note={Special Edition for 2012 Conference on Laboratory Instruction Beyond the First Year of College Workshop W12}
}