@misc{APS2008,
  title        = {1798: Cavendish Weighs the World},
  author       = {American Physical Society},
  year         = {2008},
  month        = {6},
  howpublished = {\url{https://www.aps.org/apsnews/2008/06/1798-cavendish-weighs-world}},
  note         = {Retrieved December 4, 2024}
}

@misc{BMS2024,
  author       = {BlueMarbleScience},
  title        = {Calculating the Universal Gravitational Constant},
  year         = {2020},
  month        = {12},
  howpublished = {\url{https://www.youtube.com/watch?v=W2uPNg1BUSI}},
  note         = {Retrieved December 4, 2024}
}